% Partie QoS
@BOOK{Tanenbaum2003,
  author = {Andrew S. Tanenbaum},
  edition = {4th. ed.},
  publisher = {Prentice Hall PTR},
  title = {Computer Networks},
  year = 2003
}
@BOOK{Hagen2014,
  author = {Silvia Hagen},
  edition = {3rd. ed.},
  publisher = {O'Reilly},
  title = {Ipv6 Essentials},
  year = 2014
}

@BOOK{Archier2012,
  author = {Jean-Paul Archier},
  publisher = {Editions ENI},
  title = {Ipv6 Principes et mise en oeuvre},
  year = 2012
}
% Partie IPv6
@misc{OracleUnicast,
  title = {Guide d'administration système : services IP},
  howpublished = "\url{https://docs.oracle.com/cd/E19957-01/820-2982/6nei1phgi/index.html}"
}

@misc{OracleMulticast,
  title = {Chapitre 3 Présentation d'IPv6},
  howpublished = "\url{https://docs.oracle.com/cd/E19957-01/820-2982/6nei1phfv/index.html}"
}
@misc{ReservedAddress,
  title = {Reserved IPs},
  howpublished = "\url{https://en.wikipedia.org/wiki/Reserved_IP_addresses}"
}
@misc{6to4,
  title = {The IPv6 Portal : 6to4},
  howpublished = "\url{http://www.ipv6tf.org/index.php?page=using/connectivity/6to4}"
}
% Partie Réseaux
@misc{Couchereseaux,
  title = {Le monde des réseaux},
  howpublished = "\url{http://www.gatoux.com/SECTION1/p10.php}"
}
% Partie Routage
@misc{Rout_vecteur,
  title = {Résumé sur le routage à vecteur de distance},
  howpublished = "\url{http://cisco.goffinet.org/s2/vecteur\_distance}"
}
@misc{Algo_routage,
  title = {Chapitre 1 : Algorithme de routage},
  howpublished = "\url{http://malm.tuxfamily.org/doc/qr\_chap1_algo.htm}"
}
@misc{Xripng,
  title = {RIPng - Livre IPv6},
  howpublished = "\url{http://livre.g6.asso.fr/index.php/RIPng}"
}
@misc{Xospf,
  title = {OSPF 5.Les états OSPF, la construction des adjacences},
  howpublished = "\url{http://cisco.goffinet.org/s3/ospf5-states}"
}
% Partie ICMPv6
@misc{RFC,
  title = {RFC4443 - ICMPv6},
  howpublished = "\url{https://tools.ietf.org/html/rfc4443\#section-2.2}"
}
@misc{Shichao,
  title = {Shichao'notes - Chapter 8},
  howpublished = "\url{https://notes.shichao.io/tcpv1/ch8/\#parameter-problem-icmpv4-type-12-icmpv6-type-4}"
}

%Partie experimentation
@misc{config-register,
  title = {Config-register use - Cisco},
  howpublished = "\url{http://www.cisco.com/c/en/us/support/docs/routers/10000-series-routers/50421-config-register-use.html}"
}

@misc{TOSDSCP,
  title = {Config-register use - Cisco},
  howpublished = "\url{https://www.tucny.com/Home/dscp-tos}"
}

 
